001  0000171
005  20180707122025.111
008  170720s||||     bl|||||||||||||||||por|u
020    $a9788534703529
040    $aPorto Alegre$bpor
080    $21997$a299.6(=414/=45)
090    $a299.6(81)$bB278n
100 1  $aBarros, José Flávio Pessoa de
245 10 $aNa minha casa...$bpreces aos orixás e ancestrais$cJosé Flávio Pessoa de Barros
260    $aRio de Janeiro$bPallas$c2010
300    $a149 p.
650    $aReligião
650    $aMemória
650    $aPreces
650    $aCultura
650    $aAncestrais
650    $aOrixás
650    $aReligiosidade
